@article{brown,
  title={A survey of image registration techniques},
  author={Brown, Lisa Gottesfeld},
  journal={ACM computing surveys (CSUR)},
  volume={24},
  number={4},
  pages={325--376},
  year={1992},
  publisher={ACM New York, NY, USA}
}

@inproceedings{oktem,
  title={High-resolution computational spectral imaging with photon sieves},
  author={Oktem, Figen S and Kamalabadi, Farzad and Davila, Joseph M},
  booktitle={2014 IEEE International Conference on Image Processing (ICIP)},
  pages={5122--5126},
  year={2014},
  organization={IEEE}
}

@article{oktem2018,
  title={Analytical Fresnel imaging models for photon sieves},
  author={Oktem, Figen S and Kamalabadi, Farzad and Davila, Joseph M},
  journal={Optics Express},
  volume={26},
  number={24},
  pages={32259--32279},
  year={2018},
  publisher={Optical Society of America}
}

@article{farsiu2004,
  title={Fast and robust multiframe super resolution},
  author={Farsiu, Sina and Robinson, M Dirk and Elad, Michael and Milanfar, Peyman},
  journal={IEEE transactions on image processing},
  volume={13},
  number={10},
  pages={1327--1344},
  year={2004},
  publisher={IEEE}
}

@inproceedings{farsiu2005,
  title={Constrained, globally optimal, multi-frame motion estimation},
  author={Farsiu, Sina and Elad, Michael and Milanfar, Peyman},
  booktitle={IEEE/SP 13th Workshop on Statistical Signal Processing, 2005},
  pages={1396--1401},
  year={2005},
  organization={IEEE}
}

@article{interp,
  title={Algorithms for subpixel registration},
  author={Tian, Qi and Huhns, Michael N},
  journal={Computer Vision, Graphics, and Image Processing},
  volume={35},
  number={2},
  pages={220--233},
  year={1986},
  publisher={Elsevier}
}

@article{interp2,
  title={A review of spatial interpolation methods for environmental scientists},
  author={Li, Jin and Heap, Andrew D},
  year={2008},
  publisher={Geoscience Australia Canberra}
}

@phdthesis{french,
  title={Fast and accurate image registration. Applications to on-board satellite imaging.},
  author={Rais, Martin},
  year={2016}
}

@article{aberration,
  title={Chromatic aberration correction and deconvolution for UV sensitive imaging of fluorescent sterols in cytoplasmic lipid droplets},
  author={W{\"u}stner, Daniel and Faergeman, Nils J},
  journal={Cytometry Part A: The Journal of the International Society for Analytical Cytology},
  volume={73},
  number={8},
  pages={727--744},
  year={2008},
  publisher={Wiley Online Library}
}

@article{smoothing,
  title={Full-frame video stabilization with motion inpainting},
  author={Matsushita, Yasuyuki and Ofek, Eyal and Ge, Weina and Tang, Xiaoou and Shum, Heung-Yeung},
  journal={IEEE Transactions on pattern analysis and Machine Intelligence},
  volume={28},
  number={7},
  pages={1150--1163},
  year={2006},
  publisher={IEEE}
}

@article{salient,
  title={Salient video stills: Content and context preserved},
  author={Teodosio, Laura and Bender, Walter},
  year={1993}
}

@book{konrad,
  title={Handbook of image and video processing},
  author={Bovik, Alan C},
  year={2010},
  publisher={Academic press}
}

@article{zitova,
  title={Image registration methods: a survey},
  author={Zitova, Barbara and Flusser, Jan},
  journal={Image and vision computing},
  volume={21},
  number={11},
  pages={977--1000},
  year={2003},
  publisher={Elsevier}
}

@article{guizar,
  title={Efficient subpixel image registration algorithms},
  author={Guizar-Sicairos, Manuel and Thurman, Samuel T and Fienup, James R},
  journal={Optics letters},
  volume={33},
  number={2},
  pages={156--158},
  year={2008},
  publisher={Optical Society of America}
}

@article{barnea,
  title={A class of algorithms for fast digital image registration},
  author={Barnea, Daniel I and Silverman, Harvey F},
  journal={IEEE transactions on Computers},
  volume={100},
  number={2},
  pages={179--186},
  year={1972},
  publisher={IEEE}
}

@article{foroosh,
  title={Extension of phase correlation to subpixel registration},
  author={Foroosh, Hassan and Zerubia, Josiane B and Berthod, Marc},
  journal={IEEE transactions on image processing},
  volume={11},
  number={3},
  pages={188--200},
  year={2002},
  publisher={IEEE}
}

@book{milanfar,
  title={Super-resolution imaging},
  author={Milanfar, Peyman},
  year={2017},
  publisher={CRC press}
}

@article{klimchuk2015,
  title={Key aspects of coronal heating},
  author={Klimchuk, James A},
  journal={Philosophical Transactions of the Royal Society A: Mathematical, Physical and Engineering Sciences},
  volume={373},
  number={2042},
  pages={20140256},
  year={2015},
  publisher={The Royal Society Publishing}
}

@article{peter2014,
  title={Discovery of the Sun's million-degree hot corona},
  author={Peter, Hardi and Dwivedi, Bhola N},
  journal={Frontiers in Astronomy and Space Sciences},
  volume={1},
  pages={2},
  year={2014},
  publisher={Frontiers}
}

@article{klimchuk2008,
  title={Highly efficient modeling of dynamic coronal loops},
  author={Klimchuk, JA and Patsourakos, S and Cargill, PJ},
  journal={The Astrophysical Journal},
  volume={682},
  number={2},
  pages={1351},
  year={2008},
  publisher={IOP Publishing}
}

@incollection{sdo,
  title={The atmospheric imaging assembly (AIA) on the solar dynamics observatory (SDO)},
  author={Lemen, James R and Akin, David J and Boerner, Paul F and Chou, Catherine and Drake, Jerry F and Duncan, Dexter W and Edwards, Christopher G and Friedlaender, Frank M and Heyman, Gary F and Hurlburt, Neal E and others},
  booktitle={The solar dynamics observatory},
  pages={17--40},
  year={2011},
  publisher={Springer}
}

@article{bresenham,
  title={Algorithm for computer control of a digital plotter},
  author={Bresenham, Jack E},
  journal={IBM Systems journal},
  volume={4},
  number={1},
  pages={25--30},
  year={1965},
  publisher={IBM}
}

@article{dark,
  title={Dark current and influence of target emissivity},
  author={Merken, P and Vandersmissen, R},
  journal={Photonics Imaging Technol},
  year={2016}
}

@unpublished{koenig,
  author={Koenig, A and D'Amico S},
  title={Orbit and GNC Design for VISORS Mission},
  year={2020},
  note={unpublished}
}

@article{gcc,
  title={The generalized correlation method for estimation of time delay},
  author={Knapp, Charles and Carter, Glifford},
  journal={IEEE transactions on acoustics, speech, and signal processing},
  volume={24},
  number={4},
  pages={320--327},
  year={1976},
  publisher={IEEE}
}

@article{sift,
  title={Distinctive image features from scale-invariant keypoints},
  author={Lowe, David G},
  journal={International journal of computer vision},
  volume={60},
  number={2},
  pages={91--110},
  year={2004},
  publisher={Springer}
}

@article{mers,
  title={Robust wide-baseline stereo from maximally stable extremal regions},
  author={Matas, Jiri and Chum, Ondrej and Urban, Martin and Pajdla, Tom{\'a}s},
  journal={Image and vision computing},
  volume={22},
  number={10},
  pages={761--767},
  year={2004},
  publisher={Elsevier}
}

@article{viola,
  title={Alignment by maximization of mutual information},
  author={Viola, Paul and Wells III, William M},
  journal={International journal of computer vision},
  volume={24},
  number={2},
  pages={137--154},
  year={1997},
  publisher={Springer}
}

@article{hartley,
  title={This is IT: A Primer on Shannon's Entropy and Information},
  author={Rioul, Olivier},
  journal={L'Information, Seminaire Poincare},
  volume={23},
  pages={43--77},
  year={2018}
}